@article{simari92,
	author       = {Guillermo Ricardo Simari and
	Ronald Prescott Loui},
	title        = {A  Treatment of Defeasible Reasoning and its Implementation},
	journal      = {Artif. Intell.},
	volume       = {53},
	number       = {2-3},
	pages        = {125--157},
	year         = {1992}
}

@inproceedings{vreeswijk92,
	author       = {Gerard Vreeswijk},
	editor       = {David Pearce and
	Gerd Wagner},
	title        = {Reasoning with Defeasible Arguments: Examples and Applications},
	booktitle    = {Logics in AI, European Workshop, {JELIA}},
	series       = {{LNCS}},
	volume       = {633},
	pages        = {189--211},
	publisher    = {Springer},
	year         = {1992}
}


@article{pollock92,
	author       = {John L. Pollock},
	title        = {How to Reason Defeasibly},
	journal      = {Artif. Intell.},
	volume       = {57},
	number       = {1},
	pages        = {1--42},
	year         = {1992}
}


@inproceedings{pricai22,
	author    = {Marco Baioletti and Francesco Santini},
	title     = {Abstract Argumentation Goes Quantum: An Encoding to {QUBO} Problems},
	booktitle = {{PRICAI} 2022: Trends in Artificial Intelligence - 19th Pacific Rim International Conference on Artificial Intelligence},
	series    = {{LNCS}},
	volume    = {13629},
	pages     = {46--60},
	publisher = {Springer},
	year      = {2022}
}

@article{fake,
	author    = {Uwe Egly and
	Sarah Alice Gaggl and
	Stefan Woltran},
	title     = {Answer-set programming encodings for argumentation frameworks},
	journal   = {Argument Comput.},
	volume    = {1},
	number    = {2},
	pages     = {147--177},
	year      = {2010}
}

@article{vbased,
	title={Value-based Argumentation.},
	author={Atkinson, Katie and Bench-Capon, Trevor JM},
	journal={FLAP},
	volume={8},
	number={6},
	pages={1543--1588},
	year={2021}
}


@book{sannealing,
	author    = {Peter J. M. van Laarhoven and
	Emile H. L. Aarts},
	title     = {Simulated Annealing: Theory and Applications},
	series    = {Mathematics and Its Applications},
	volume    = {37},
	publisher = {Springer},
	year      = {1987}
}


@inproceedings{clima14,
	author    = {Stefano Bistarelli and
	Fabio Rossi and
	Francesco Santini},
	title     = {Enumerating Extensions on Random Abstract-AFs with ArgTools, Aspartix,
	ConArg2, and Dung-O-Matic},
	booktitle = {Computational Logic in Multi-Agent Systems - 15th International Workshop,
	{CLIMA}},
	series    = {{LNCS}},
	volume    = {8624},
	pages     = {70--86},
	publisher = {Springer},
	year      = {2014}
}



@article{simari,
	author    = {Guillermo Ricardo Simari and
	Ronald Prescott Loui},
	title     = {A Mathematical Treatment of Defeasible Reasoning and its Implementation},
	journal   = {Artif. Intell.},
	volume    = {53},
	number    = {2-3},
	pages     = {125--157},
	year      = {1992}
}

@article{annealing,
	title={Optimization by simulated annealing},
	author={Kirkpatrick, Scott and Gelatt Jr, C Daniel and Vecchi, Mario P},
	journal={science},
	volume={220},
	number={4598},
	pages={671--680},
	year={1983},
	publisher={American association for the advancement of science}
}

@article{pollock,
	author    = {John L. Pollock},
	title     = {How to Reason Defeasibly},
	journal   = {Artif. Intell.},
	volume    = {57},
	number    = {1},
	pages     = {1--42},
	year      = {1992} 
}


@book{gabbay2021handbook,
	title={Handbook of Formal Argumentation, Volume 2},
	author={Gabbay, D. and Giacomin, M. and Simari, G.},
	number={v. 2},
	isbn={9781848903364},
	url={https://books.google.it/books?id=JUekzgEACAAJ},
	year={2021},
	publisher={College Publications}
}

@article{wjournal,
	author    = {Stefano Bistarelli and
	Francesco Santini},
	title     = {Weighted Argumentation},
	journal   = {{FLAP}},
	volume    = {8},
	number    = {6},
	pages     = {1589--1622},
	year      = {2021}
}

@article{erdos,
	title={On the evolution of random graphs},
	author={Erd\H{o}s, P. and R{\'e}nyi, A.},
	journal={Bull. Inst. Internat. Statist},
	volume={38},
	number={4},
	pages={343--347},
	year={1961}
}

@article{jlc18,
	author    = {Stefano Bistarelli and
	Fabio Rossi and
	Francesco Santini},
	title     = {Not only size, but also shape counts: abstract argumentation solvers
	are benchmark-sensitive},
	journal   = {J. Log. Comput.},
	volume    = {28},
	number    = {1},
	pages     = {85--117},
	year      = {2018}
}

@article{conarg,
	author    = {Stefano Bistarelli and
	Fabio Rossi and
	Francesco Santini},
	title     = {ConArgLib: an argumentation library with support to search strategies
	and parallel search},
	journal   = {J. Exp. Theor. Artif. Intell.},
	volume    = {33},
	number    = {6},
	pages     = {891--918},
	year      = {2021}
}

@inproceedings{conarg2,
	author    = {Stefano Bistarelli and
	Francesco Santini},
	title     = {ConArg: {A} Constraint-Based Computational Framework for Argumentation
	Systems},
	booktitle = {{IEEE} 23rd International Conference on Tools with Artificial Intelligence,
	{ICTAI} 2011},
	pages     = {605--612},
	publisher = {{IEEE} Computer Society},
	year      = {2011}
}


@inproceedings{constellations,
	author    = {Hengfei Li and
	Nir Oren and
	Timothy J. Norman},
	editor    = {Sanjay Modgil and
	Nir Oren and
	Francesca Toni},
	title     = {Probabilistic Argumentation Frameworks},
	booktitle = {Theorie and Applications of Formal Argumentation
	Workshop, {TAFA}},
	series    = {{LNCS}},
	volume    = {7132},
	pages     = {1--16},
	publisher = {Springer},
	year      = {2011}
}



@article{firstworkqubo,
	title={Boolean Methods in Operations Research and Related Areas, {\"O}konometrie und Unternehmensforschung/Econometrics and Operations Research},
	author={Hammer, PL and Rudeanu, S},
	journal={Springer, Berlin},
	volume={1007},
	pages={978--3},
	year={1968}
}

@article{survey1,
	author    = {Gary A. Kochenberger and
	Jin{-}Kao Hao and
	Fred W. Glover and
	Mark W. Lewis and
	Zhipeng L{\"{u}} and
	Haibo Wang and
	Yang Wang},
	title     = {The unconstrained binary quadratic programming problem: a survey},
	journal   = {J. Comb. Optim.},
	volume    = {28},
	number    = {1},
	pages     = {58--81},
	year      = {2014}
}


@article{survey2,
	author    = {Martin Anthony and
	Endre Boros and
	Yves Crama and
	Aritanan Gruber},
	title     = {Quadratic reformulations of nonlinear binary optimization problems},
	journal   = {Math. Program.},
	volume    = {162},
	number    = {1-2},
	pages     = {115--144},
	year      = {2017}
}

@inproceedings{quboml,
	author    = {Sascha M{\"{u}}cke and
	Nico Piatkowski and
	Katharina Morik},
	editor    = {Robert J{\"{a}}schke and
	Matthias Weidlich},
	title     = {Learning Bit by Bit: Extracting the Essence of Machine Learning},
	booktitle = {Proceedings of the Conference on "Lernen, Wissen, Daten, Analysen"},
	series    = {{CEUR} Workshop Proceedings},
	volume    = {2454},
	pages     = {144--155},
	publisher = {CEUR-WS.org},
	year      = {2019}
}

@article{qubomodel,
	author    = {Fred W. Glover and
	Gary A. Kochenberger and
	Yu Du},
	title     = {Quantum Bridge Analytics {I:} a tutorial on formulating and using
	{QUBO} models},
	journal   = {4OR},
	volume    = {17},
	number    = {4},
	pages     = {335--371},
	year      = {2019}
}


@article{WuPCLZY21,
	author    = {Zonghan Wu and
	Shirui Pan and
	Fengwen Chen and
	Guodong Long and
	Chengqi Zhang and
	Philip S. Yu},
	title     = {A Comprehensive Survey on Graph Neural Networks},
	journal   = {{IEEE} Trans. Neural Networks Learn. Syst.},
	volume    = {32},
	number    = {1},
	pages     = {4--24},
	year      = {2021}
}

@article{CeruttiTV20,
	author    = {Federico Cerutti and
	Matthias Thimm and
	Mauro Vallati},
	title     = {An experimental analysis on the similarity of argumentation semantics},
	journal   = {Argument Comput.},
	volume    = {11},
	number    = {3},
	pages     = {269--304},
	year      = {2020}
}


@inproceedings{iccma19,
	author    = {Stefano Bistarelli and
	Lars Kotthoff and
	Francesco Santini and
	Carlo Taticchi},
	title     = {A First Overview of ICCMA'19},
	booktitle = {Advances In Argumentation In Artificial
	Intelligence  (AIxIA 2020)},
	series    = {{CEUR} Workshop Proceedings},
	volume    = {2777},
	pages     = {90--102},
	publisher = {CEUR-WS.org},
	year      = {2020}
}



@article{iccma17,
	author    = {Sarah Alice Gaggl and
	Thomas Linsbichler and
	Marco Maratea and
	Stefan Woltran},
	title     = {Design and results of the Second International Competition on Computational
	Models of Argumentation},
	journal   = {Artif. Intell.},
	volume    = {279},
	year      = {2020}
}


@article{iccma15,
	author    = {Matthias Thimm and
	Serena Villata},
	title     = {The first international competition on computational models of argumentation:
	Results and analysis},
	journal   = {Artif. Intell.},
	volume    = {252},
	pages     = {267--294},
	year      = {2017}
}

@article{cerutti2017foundations,
	title={Foundations of implementations for formal argumentation},
	author={Cerutti, Federico and Gaggl, Sarah A and Thimm, Matthias and Wallner, Johannes},
	journal={IfCoLog Journal of Logics and their Applications},
	volume={4},
	number={8},
	pages={2623--2705},
	year={2017},
	publisher={College publications}
}


@book{baroni2018handbook,
	title={Handbook of Formal Argumentation},
	author={Baroni, P. and Gabbay, D.M. and Giacomin, M. and van der Torre, L.},
	isbn={9781848902756},
	url={https://books.google.ie/books?id=\_OnTswEACAAJ},
	year={2018},
	publisher={College Publications}
}


@article{Dung:1995,
	Author = {Phan Minh Dung},
	Journal = {Artificial Intelligence},
	Number = {2},
	Pages = {321--358},
	Title = {{O}n the Acceptability of Arguments and its Fundamental Role in Nonmonotonic Reasoning, Logic Programming and n-Person Games},
	Volume = {77},
	Year = {1995}}


@article{CaminadaCD12,
	author    = {Martin Caminada and
	Walter Alexandre Carnielli and
	Paul E. Dunne},
	title     = {Semi-stable semantics},
	journal   = {J. Log. Comput.},
	volume    = {22},
	number    = {5},
	pages     = {1207--1254},
	year      = {2012}
}


@INPROCEEDINGS{Verheij:1996,
	author = {Bart Verheij},
	title = {Two approaches to dialectical argumentation: admissible sets and
	argumentation stages},
	booktitle = {Proceedings of the 8th Dutch Conference on Artificial Intelligence (NAIC'96)},
	shortbooktitle = {Proc.\ NAIC},
	year = {1996},
	ceditor = { John-Jules C. Meyer and Linda C. {van der Gaag}},
	pages = {357--368}
}

@article{DungMT:2007,
	Author = {Phan Minh Dung and Paolo Mancarella and Francesca Toni},
	Title = {Computing ideal sceptical argumentation},
	Journal = {Artificial Intelligence},
	Volume = {171},
	Number = {10--15},
	Year = {2007},
	Pages = {642--674}
}


@article{Baroni:2011,
	Author = {P. Baroni and M. Caminada and M. Giacomin},
	Journal = {The Knowledge Engineering Review},
	Number = {4},
	Pages = {365--410},
	Title = {An introduction to argumentation semantics},
	Volume = {26},
	Year = {2011}
}


@article{dvorakcomplexity,
	author    = {Wolfgang Dvor{\'{a}}k and
	Paul E. Dunne},
	title     = {Computational Problems in Formal Argumentation and their Complexity},
	journal   = {{FLAP}},
	volume    = {4},
	number    = {8},
	year      = {2017}
}


@inproceedings{enumerationcomplexity,
	author    = {Markus Kr{\"{o}}ll and
	Reinhard Pichler and
	Stefan Woltran},
	title     = {On the Complexity of Enumerating the Extensions of Abstract Argumentation
	Frameworks},
	booktitle = {Proceedings of the Twenty-Sixth International Joint Conference on
	Artificial Intelligence, {IJCAI} 2017, Melbourne, Australia, August
	19-25, 2017},
	pages     = {1145--1152},
	publisher = {ijcai.org},
	year      = {2017}
}

@ARTICLE{lucas,
AUTHOR={Lucas, Andrew},   
TITLE={Ising formulations of many NP problems},      
JOURNAL={Frontiers in Physics},      
	
VOLUME={2},      
	
YEAR={2014},      
	  
URL={https://www.frontiersin.org/article/10.3389/fphy.2014.00005},       
	   
	
ISSN={2296-424X},   
 }

@article{rosenberg,
author={I.G. Rosenberg}, 
title={Reduction of bivalent maximization to the quadratic
case}, 
journal={Cahiers du Centre d’Etudes de Recherche Op\'erationnelle},
volume={17},
year={1975},
pages={71–74}
}

@article{glover,
  author    = {Fred W. Glover and
               Gary A. Kochenberger and
               Yu Du},
  title     = {Quantum Bridge Analytics {I:} a tutorial on formulating and using
               {QUBO} models},
  journal   = {4OR},
  volume    = {17},
  number    = {4},
  pages     = {335--371},
  year      = {2019}
}

@article{glover2,
  author    = {Fred W. Glover and
               Gary A. Kochenberger and
               Moses Ma and
               Yu Du},
  title     = {Quantum Bridge Analytics {II:} QUBO-Plus, network optimization and
               combinatorial chaining for asset exchange},
  journal   = {4OR},
  volume    = {18},
  number    = {4},
  pages     = {387--417},
  year      = {2020}
}